<collection xmlns="http://www.loc.gov/MARC21/slim">
<record>
  <leader>02338nam0a2200373 i 450 </leader>
  <controlfield tag="001">IT\ICCU\CNCE\021133</controlfield>
  <controlfield tag="005">20121211000000.0</controlfield>
  <datafield tag="012" ind1=" " ind2=" ">
    <subfield code="a">anon tiio ,en- Deco (3) 1586 (R)</subfield>
    <subfield code="2">fei</subfield>
  </datafield>
  <datafield tag="100" ind1=" " ind2=" ">
    <subfield code="a">19970101d1586        0itac0103    ba</subfield>
  </datafield>
  <datafield tag="101" ind1=" " ind2=" ">
    <subfield code="a">ITA</subfield>
  </datafield>
  <datafield tag="102" ind1=" " ind2=" ">
    <subfield code="a">IT</subfield>
  </datafield>
  <datafield tag="200" ind1="1" ind2=" ">
    <subfield code="a">Vita di fra Paolo Costabili, maestro general dell&apos;Ordine de&apos; predicatori. Scritta da maesro \!! fra Ieronimo Gioannini da Capugnano. Con due orationi, &amp; versi fatti da molti huomini illustri, nella morte d&apos;esso reuerendiss. padre</subfield>
  </datafield>
  <datafield tag="210" ind1=" " ind2=" ">
    <subfield code="a">In Vinegia</subfield>
    <subfield code="c">appresso Fabbio</subfield>
    <subfield code="d">&amp; Agostino Zoppini fratelli</subfield>
    <subfield code="d">1586</subfield>
  </datafield>
  <datafield tag="215" ind1=" " ind2=" ">
    <subfield code="a">236, \4! p.</subfield>
    <subfield code="d">12ʻ</subfield>
  </datafield>
  <datafield tag="620" ind1=" " ind2=" ">
    <subfield code="a">IT</subfield>
    <subfield code="d">Venezia</subfield>
  </datafield>
  <datafield tag="700" ind1=" " ind2="1">
    <subfield code="a">Giovannini,</subfield>
    <subfield code="b">Girolamo</subfield>
    <subfield code="3">IT\ICCU\CNCA\000381</subfield>
  </datafield>
  <datafield tag="712" ind1="0" ind2="0">
    <subfield code="a">Zoppini, Fabio &amp; Zoppini, Agostino</subfield>
    <subfield code="3">IT\ICCU\CNCT\000445</subfield>
    <subfield code="4">650</subfield>
  </datafield>
  <datafield tag="790" ind1=" " ind2="0">
    <subfield code="a">Girolamo</subfield>
    <subfield code="c"> : da#Capugnano</subfield>
    <subfield code="3">IT\ICCU\CNCA\006127</subfield>
    <subfield code="z">Giovannini, Girolamo</subfield>
  </datafield>
  <datafield tag="790" ind1=" " ind2="1">
    <subfield code="a">Capugnano,</subfield>
    <subfield code="b">Girolamo : da</subfield>
    <subfield code="3">IT\ICCU\CNCA\007867</subfield>
    <subfield code="z">Giovannini, Girolamo</subfield>
  </datafield>
  <datafield tag="790" ind1=" " ind2="1">
    <subfield code="a">Giovannini da Capugnano,</subfield>
    <subfield code="b">Girolamo</subfield>
    <subfield code="3">IT\ICCU\CNCA\022161</subfield>
    <subfield code="z">Giovannini, Girolamo</subfield>
  </datafield>
  <datafield tag="791" ind1="0" ind2="0">
    <subfield code="a">Zopinus, Fabius &amp; Zopinus, Augustinus</subfield>
    <subfield code="3">IT\ICCU\CNCT\004192</subfield>
    <subfield code="z">Zoppini, Fabio &amp; Zoppini, Agostino</subfield>
  </datafield>
  <datafield tag="791" ind1="0" ind2="2">
    <subfield code="a">Fabio &amp; Agostino</subfield>
    <subfield code="3">IT\ICCU\CNCT\004193</subfield>
    <subfield code="z">Zoppini, Fabio &amp; Zoppini, Agostino</subfield>
  </datafield>
  <datafield tag="791" ind1="0" ind2="0">
    <subfield code="a">Zoppino, Fabio &amp; Zoppino, Agostino</subfield>
    <subfield code="3">IT\ICCU\CNCT\005837</subfield>
    <subfield code="z">Zoppini, Fabio &amp; Zoppini, Agostino</subfield>
  </datafield>
  <datafield tag="791" ind1="0" ind2="0">
    <subfield code="a">Zopinis, Fabius de &amp; Zopinis, Augustinus de</subfield>
    <subfield code="3">IT\ICCU\CNCT\005838</subfield>
    <subfield code="z">Zoppini, Fabio &amp; Zoppini, Agostino</subfield>
  </datafield>
  <datafield tag="801" ind1=" " ind2="3">
    <subfield code="a">IT</subfield>
    <subfield code="b">ICCU</subfield>
    <subfield code="c">20201114</subfield>
  </datafield>
  <datafield tag="899" ind1=" " ind2=" ">
    <subfield code="a">Biblioteca civica A. Mai. Bergamo</subfield>
    <subfield code="1">BG0026</subfield>
    <subfield code="2">LO1 02</subfield>
  </datafield>
  <datafield tag="899" ind1=" " ind2=" ">
    <subfield code="a">Biblioteca comunale dell&apos;Archiginnasio. Bologna</subfield>
    <subfield code="1">BO0304</subfield>
    <subfield code="2">UBO GA</subfield>
  </datafield>
  <datafield tag="899" ind1=" " ind2=" ">
    <subfield code="a">Biblioteca Patriarcale S. Domenico. Bologna</subfield>
    <subfield code="1">BO0333</subfield>
    <subfield code="2">ZBO 05</subfield>
  </datafield>
  <datafield tag="899" ind1=" " ind2=" ">
    <subfield code="a">Biblioteca nazionale centrale. Firenze</subfield>
    <subfield code="1">FI0098</subfield>
    <subfield code="2">CFI CF</subfield>
  </datafield>
  <datafield tag="899" ind1=" " ind2=" ">
    <subfield code="a">Biblioteca civica centrale. Monza</subfield>
    <subfield code="z">MUTILO</subfield>
    <subfield code="1">MI0377</subfield>
    <subfield code="2">LO1 97</subfield>
  </datafield>
  <datafield tag="899" ind1=" " ind2=" ">
    <subfield code="a">Biblioteca della Fondazione Luigi Firpo. Centro di studi sul pensiero politico. Torino</subfield>
    <subfield code="1">TO0469</subfield>
    <subfield code="2">TO0 18</subfield>
  </datafield>
  <datafield tag="899" ind1=" " ind2=" ">
    <subfield code="a">Biblioteca del Seminario vescovile. Verona</subfield>
    <subfield code="1">VR0061</subfield>
    <subfield code="2">PBE 83</subfield>
  </datafield>
  <datafield tag="911" ind1=" " ind2=" ">
    <subfield code="a">Sul front.</subfield>
    <subfield code="9">IT\ICCU\CNCM\000081</subfield>
  </datafield>
  <datafield tag="921" ind1=" " ind2=" ">
    <subfield code="a">IT\ICCU\CNCM\000081</subfield>
    <subfield code="b">Verit ̉(donna con le braccia aperte tra i simboli dei quattro evangelisti, aquila, leone, toro, angelo). In basso: Verit.̉ In cornice figurata</subfield>
    <subfield code="c">V530</subfield>
    <subfield code="d">Dimensioni: 3,5 x 4</subfield>
    <subfield code="f">AQUILA</subfield>
    <subfield code="f">CRISTO</subfield>
    <subfield code="f">LEONE</subfield>
    <subfield code="f">VERITA</subfield>
    <subfield code="g">1580-1600</subfield>
  </datafield>
</record>
</collection>
